[
  {
    "id": "MKT0001",
    "campaignName": "Licensed Shirt Event",
    "channel": "Email",
    "startDate": "2025-08-15",
    "endDate": "2025-10-28",
    "spend": 79767.14,
    "impressions": 159263,
    "clicks": 6689,
    "conversions": 374,
    "revenue": 49240.84
  },
  {
    "id": "MKT0002",
    "campaignName": "Electronic Towels Sale",
    "channel": "Print",
    "startDate": "2025-10-11",
    "endDate": "2025-10-22",
    "spend": 57003.46,
    "impressions": 58406,
    "clicks": 2044,
    "conversions": 108,
    "revenue": 14335.92
  },
  {
    "id": "MKT0003",
    "campaignName": "Oriental Shoes Event",
    "channel": "TV",
    "startDate": "2025-10-18",
    "endDate": "2025-10-03",
    "spend": 50724.21,
    "impressions": 444378,
    "clicks": 15108,
    "conversions": 1042,
    "revenue": 160613.88
  },
  {
    "id": "MKT0004",
    "campaignName": "Generic Chair Launch",
    "channel": "Email",
    "startDate": "2025-09-06",
    "endDate": "2025-09-30",
    "spend": 26081.44,
    "impressions": 380421,
    "clicks": 17879,
    "conversions": 1340,
    "revenue": 138864.2
  },
  {
    "id": "MKT0005",
    "campaignName": "Handmade Tuna Launch",
    "channel": "Email",
    "startDate": "2025-09-25",
    "endDate": "2025-10-06",
    "spend": 73984.99,
    "impressions": 316651,
    "clicks": 13615,
    "conversions": 939,
    "revenue": 102181.98
  },
  {
    "id": "MKT0006",
    "campaignName": "Recycled Chair Sale",
    "channel": "Email",
    "startDate": "2025-08-11",
    "endDate": "2025-10-20",
    "spend": 45889.43,
    "impressions": 881590,
    "clicks": 38789,
    "conversions": 3141,
    "revenue": 469328.22
  },
  {
    "id": "MKT0007",
    "campaignName": "Fantastic Hat Event",
    "channel": "Print",
    "startDate": "2025-09-16",
    "endDate": "2025-10-04",
    "spend": 82389.06,
    "impressions": 371832,
    "clicks": 14129,
    "conversions": 932,
    "revenue": 165644.36
  },
  {
    "id": "MKT0008",
    "campaignName": "Intelligent Fish Sale",
    "channel": "Email",
    "startDate": "2025-09-14",
    "endDate": "2025-10-08",
    "spend": 52706.98,
    "impressions": 171960,
    "clicks": 4642,
    "conversions": 241,
    "revenue": 23273.37
  },
  {
    "id": "MKT0009",
    "campaignName": "Small Chair Sale",
    "channel": "Print",
    "startDate": "2025-08-21",
    "endDate": "2025-10-22",
    "spend": 39332.93,
    "impressions": 534409,
    "clicks": 25117,
    "conversions": 703,
    "revenue": 35157.03
  },
  {
    "id": "MKT0010",
    "campaignName": "Intelligent Chair Sale",
    "channel": "Radio",
    "startDate": "2025-09-11",
    "endDate": "2025-10-01",
    "spend": 41536.77,
    "impressions": 12446,
    "clicks": 522,
    "conversions": 28,
    "revenue": 3508.12
  },
  {
    "id": "MKT0011",
    "campaignName": "Handmade Bike Event",
    "channel": "Radio",
    "startDate": "2025-08-11",
    "endDate": "2025-10-03",
    "spend": 18316.91,
    "impressions": 83473,
    "clicks": 3672,
    "conversions": 132,
    "revenue": 12582.24
  },
  {
    "id": "MKT0012",
    "campaignName": "Recycled Tuna Launch",
    "channel": "Search",
    "startDate": "2025-10-21",
    "endDate": "2025-10-20",
    "spend": 14400.04,
    "impressions": 102169,
    "clicks": 3473,
    "conversions": 111,
    "revenue": 16625.58
  },
  {
    "id": "MKT0013",
    "campaignName": "Bespoke Gloves Promo",
    "channel": "Email",
    "startDate": "2025-10-09",
    "endDate": "2025-10-11",
    "spend": 40626.08,
    "impressions": 671821,
    "clicks": 30903,
    "conversions": 2441,
    "revenue": 442846.22
  },
  {
    "id": "MKT0014",
    "campaignName": "Intelligent Cheese Sale",
    "channel": "TV",
    "startDate": "2025-10-09",
    "endDate": "2025-10-09",
    "spend": 56748.78,
    "impressions": 105163,
    "clicks": 1577,
    "conversions": 59,
    "revenue": 3593.1
  },
  {
    "id": "MKT0015",
    "campaignName": "Practical Fish Promo",
    "channel": "Search",
    "startDate": "2025-09-17",
    "endDate": "2025-10-19",
    "spend": 64610.99,
    "impressions": 928847,
    "clicks": 27865,
    "conversions": 1393,
    "revenue": 249834.55
  },
  {
    "id": "MKT0016",
    "campaignName": "Handcrafted Table Sale",
    "channel": "Search",
    "startDate": "2025-09-11",
    "endDate": "2025-10-24",
    "spend": 53720.08,
    "impressions": 833643,
    "clicks": 34179,
    "conversions": 888,
    "revenue": 73393.2
  },
  {
    "id": "MKT0017",
    "campaignName": "Awesome Pants Sale",
    "channel": "Search",
    "startDate": "2025-10-28",
    "endDate": "2025-10-07",
    "spend": 90653.37,
    "impressions": 704924,
    "clicks": 13393,
    "conversions": 321,
    "revenue": 19831.38
  },
  {
    "id": "MKT0018",
    "campaignName": "Practical Shirt Sale",
    "channel": "Print",
    "startDate": "2025-08-04",
    "endDate": "2025-10-03",
    "spend": 34998.3,
    "impressions": 39435,
    "clicks": 1064,
    "conversions": 31,
    "revenue": 5350.6
  },
  {
    "id": "MKT0019",
    "campaignName": "Gorgeous Tuna Promo",
    "channel": "Search",
    "startDate": "2025-09-06",
    "endDate": "2025-10-21",
    "spend": 53543.94,
    "impressions": 200810,
    "clicks": 5020,
    "conversions": 160,
    "revenue": 31513.6
  },
  {
    "id": "MKT0020",
    "campaignName": "Oriental Tuna Event",
    "channel": "Search",
    "startDate": "2025-10-11",
    "endDate": "2025-10-04",
    "spend": 16787.74,
    "impressions": 260548,
    "clicks": 8076,
    "conversions": 395,
    "revenue": 54162.4
  },
  {
    "id": "MKT0021",
    "campaignName": "Handcrafted Mouse Promo",
    "channel": "Search",
    "startDate": "2025-10-10",
    "endDate": "2025-10-06",
    "spend": 82654.1,
    "impressions": 645175,
    "clicks": 14839,
    "conversions": 1394,
    "revenue": 111575.76
  },
  {
    "id": "MKT0022",
    "campaignName": "Small Bike Launch",
    "channel": "Radio",
    "startDate": "2025-08-29",
    "endDate": "2025-10-17",
    "spend": 5999.46,
    "impressions": 575008,
    "clicks": 7475,
    "conversions": 426,
    "revenue": 33419.7
  },
  {
    "id": "MKT0023",
    "campaignName": "Sleek Chicken Launch",
    "channel": "Search",
    "startDate": "2025-08-11",
    "endDate": "2025-10-02",
    "spend": 14316.76,
    "impressions": 331294,
    "clicks": 16233,
    "conversions": 389,
    "revenue": 24790.97
  },
  {
    "id": "MKT0024",
    "campaignName": "Bespoke Ball Event",
    "channel": "Social Media",
    "startDate": "2025-08-18",
    "endDate": "2025-10-06",
    "spend": 52770,
    "impressions": 419953,
    "clicks": 4199,
    "conversions": 256,
    "revenue": 15306.24
  },
  {
    "id": "MKT0025",
    "campaignName": "Handcrafted Chair Sale",
    "channel": "Email",
    "startDate": "2025-08-02",
    "endDate": "2025-10-03",
    "spend": 31610.42,
    "impressions": 116778,
    "clicks": 5722,
    "conversions": 188,
    "revenue": 30636.48
  },
  {
    "id": "MKT0026",
    "campaignName": "Intelligent Car Sale",
    "channel": "Display Ads",
    "startDate": "2025-09-30",
    "endDate": "2025-10-17",
    "spend": 87002.84,
    "impressions": 649405,
    "clicks": 25976,
    "conversions": 1039,
    "revenue": 105427.33
  },
  {
    "id": "MKT0027",
    "campaignName": "Handcrafted Computer Sale",
    "channel": "Search",
    "startDate": "2025-08-29",
    "endDate": "2025-10-18",
    "spend": 90360.36,
    "impressions": 136158,
    "clicks": 3267,
    "conversions": 94,
    "revenue": 14016.34
  },
  {
    "id": "MKT0028",
    "campaignName": "Licensed Keyboard Promo",
    "channel": "TV",
    "startDate": "2025-08-31",
    "endDate": "2025-10-09",
    "spend": 57088.63,
    "impressions": 168915,
    "clicks": 7770,
    "conversions": 652,
    "revenue": 110566.16
  },
  {
    "id": "MKT0029",
    "campaignName": "Rustic Towels Promo",
    "channel": "Display Ads",
    "startDate": "2025-09-01",
    "endDate": "2025-09-30",
    "spend": 42436.86,
    "impressions": 863434,
    "clicks": 9497,
    "conversions": 674,
    "revenue": 76950.58
  },
  {
    "id": "MKT0030",
    "campaignName": "Handmade Bacon Promo",
    "channel": "Search",
    "startDate": "2025-10-26",
    "endDate": "2025-10-15",
    "spend": 91634.53,
    "impressions": 562463,
    "clicks": 25873,
    "conversions": 1293,
    "revenue": 134316.84
  },
  {
    "id": "MKT0031",
    "campaignName": "Awesome Pants Promo",
    "channel": "Radio",
    "startDate": "2025-08-21",
    "endDate": "2025-10-19",
    "spend": 5784.77,
    "impressions": 357378,
    "clicks": 7862,
    "conversions": 581,
    "revenue": 42639.59
  },
  {
    "id": "MKT0032",
    "campaignName": "Handcrafted Computer Launch",
    "channel": "Email",
    "startDate": "2025-08-12",
    "endDate": "2025-10-09",
    "spend": 41037.82,
    "impressions": 564051,
    "clicks": 18613,
    "conversions": 1749,
    "revenue": 190396.14
  },
  {
    "id": "MKT0033",
    "campaignName": "Elegant Car Promo",
    "channel": "Display Ads",
    "startDate": "2025-09-05",
    "endDate": "2025-10-20",
    "spend": 36411.17,
    "impressions": 813111,
    "clicks": 14635,
    "conversions": 834,
    "revenue": 135174.72
  },
  {
    "id": "MKT0034",
    "campaignName": "Generic Keyboard Promo",
    "channel": "TV",
    "startDate": "2025-08-01",
    "endDate": "2025-10-18",
    "spend": 49430.5,
    "impressions": 971612,
    "clicks": 9716,
    "conversions": 485,
    "revenue": 80374.2
  },
  {
    "id": "MKT0035",
    "campaignName": "Rustic Table Event",
    "channel": "TV",
    "startDate": "2025-10-25",
    "endDate": "2025-10-26",
    "spend": 22137.21,
    "impressions": 582223,
    "clicks": 27364,
    "conversions": 2435,
    "revenue": 284432.35
  },
  {
    "id": "MKT0036",
    "campaignName": "Rustic Car Event",
    "channel": "Display Ads",
    "startDate": "2025-07-31",
    "endDate": "2025-10-10",
    "spend": 92530.02,
    "impressions": 551225,
    "clicks": 9922,
    "conversions": 367,
    "revenue": 62081.72
  },
  {
    "id": "MKT0037",
    "campaignName": "Fantastic Sausages Launch",
    "channel": "Email",
    "startDate": "2025-09-20",
    "endDate": "2025-10-26",
    "spend": 97263.71,
    "impressions": 662237,
    "clicks": 28476,
    "conversions": 2164,
    "revenue": 406832
  },
  {
    "id": "MKT0038",
    "campaignName": "Licensed Pizza Event",
    "channel": "Print",
    "startDate": "2025-09-27",
    "endDate": "2025-10-23",
    "spend": 58762.39,
    "impressions": 135517,
    "clicks": 4336,
    "conversions": 143,
    "revenue": 10756.46
  },
  {
    "id": "MKT0039",
    "campaignName": "Bespoke Sausages Sale",
    "channel": "Search",
    "startDate": "2025-08-21",
    "endDate": "2025-10-19",
    "spend": 8264.54,
    "impressions": 422368,
    "clicks": 9292,
    "conversions": 529,
    "revenue": 82481.68
  },
  {
    "id": "MKT0040",
    "campaignName": "Oriental Pizza Promo",
    "channel": "Search",
    "startDate": "2025-08-02",
    "endDate": "2025-10-20",
    "spend": 86886.04,
    "impressions": 656691,
    "clicks": 9850,
    "conversions": 364,
    "revenue": 67158
  },
  {
    "id": "MKT0041",
    "campaignName": "Sleek Computer Launch",
    "channel": "Email",
    "startDate": "2025-08-18",
    "endDate": "2025-10-03",
    "spend": 93741.29,
    "impressions": 215414,
    "clicks": 7970,
    "conversions": 470,
    "revenue": 69184
  },
  {
    "id": "MKT0042",
    "campaignName": "Luxurious Shoes Promo",
    "channel": "Social Media",
    "startDate": "2025-08-13",
    "endDate": "2025-10-27",
    "spend": 93777.49,
    "impressions": 369354,
    "clicks": 15512,
    "conversions": 837,
    "revenue": 155983.32
  },
  {
    "id": "MKT0043",
    "campaignName": "Fantastic Cheese Sale",
    "channel": "Search",
    "startDate": "2025-08-13",
    "endDate": "2025-10-12",
    "spend": 11595.75,
    "impressions": 275802,
    "clicks": 10480,
    "conversions": 723,
    "revenue": 42982.35
  },
  {
    "id": "MKT0044",
    "campaignName": "Sleek Shoes Promo",
    "channel": "Display Ads",
    "startDate": "2025-08-16",
    "endDate": "2025-10-05",
    "spend": 98574.51,
    "impressions": 382921,
    "clicks": 3829,
    "conversions": 356,
    "revenue": 22573.96
  },
  {
    "id": "MKT0045",
    "campaignName": "Bespoke Soap Promo",
    "channel": "TV",
    "startDate": "2025-08-03",
    "endDate": "2025-10-12",
    "spend": 95072.68,
    "impressions": 657759,
    "clicks": 12497,
    "conversions": 312,
    "revenue": 43926.48
  },
  {
    "id": "MKT0046",
    "campaignName": "Tasty Computer Sale",
    "channel": "Display Ads",
    "startDate": "2025-08-29",
    "endDate": "2025-10-02",
    "spend": 50151.51,
    "impressions": 109175,
    "clicks": 5240,
    "conversions": 277,
    "revenue": 15102.04
  },
  {
    "id": "MKT0047",
    "campaignName": "Incredible Bike Sale",
    "channel": "Social Media",
    "startDate": "2025-10-07",
    "endDate": "2025-10-13",
    "spend": 89958.44,
    "impressions": 549158,
    "clicks": 9884,
    "conversions": 850,
    "revenue": 144814.5
  },
  {
    "id": "MKT0048",
    "campaignName": "Ergonomic Mouse Launch",
    "channel": "TV",
    "startDate": "2025-10-15",
    "endDate": "2025-10-23",
    "spend": 66303.83,
    "impressions": 713765,
    "clicks": 32119,
    "conversions": 1124,
    "revenue": 132913
  },
  {
    "id": "MKT0049",
    "campaignName": "Licensed Sausages Event",
    "channel": "Display Ads",
    "startDate": "2025-09-10",
    "endDate": "2025-10-22",
    "spend": 22509.94,
    "impressions": 574585,
    "clicks": 21834,
    "conversions": 611,
    "revenue": 86652.02
  },
  {
    "id": "MKT0050",
    "campaignName": "Bespoke Hat Promo",
    "channel": "Social Media",
    "startDate": "2025-08-08",
    "endDate": "2025-10-03",
    "spend": 8627.34,
    "impressions": 659183,
    "clicks": 13842,
    "conversions": 1356,
    "revenue": 95923.44
  },
  {
    "id": "MKT0051",
    "campaignName": "Handcrafted Ball Launch",
    "channel": "Print",
    "startDate": "2025-09-23",
    "endDate": "2025-10-10",
    "spend": 62987.61,
    "impressions": 851663,
    "clicks": 15329,
    "conversions": 490,
    "revenue": 94300.5
  },
  {
    "id": "MKT0052",
    "campaignName": "Electronic Bike Sale",
    "channel": "TV",
    "startDate": "2025-09-29",
    "endDate": "2025-10-03",
    "spend": 19534.91,
    "impressions": 507621,
    "clicks": 7614,
    "conversions": 350,
    "revenue": 56322
  },
  {
    "id": "MKT0053",
    "campaignName": "Generic Shoes Promo",
    "channel": "Social Media",
    "startDate": "2025-08-13",
    "endDate": "2025-10-15",
    "spend": 32430.03,
    "impressions": 597169,
    "clicks": 7763,
    "conversions": 760,
    "revenue": 104097.2
  },
  {
    "id": "MKT0054",
    "campaignName": "Incredible Sausages Launch",
    "channel": "Email",
    "startDate": "2025-10-06",
    "endDate": "2025-10-28",
    "spend": 34536.67,
    "impressions": 88174,
    "clicks": 4320,
    "conversions": 410,
    "revenue": 49880.6
  },
  {
    "id": "MKT0055",
    "campaignName": "Handmade Cheese Promo",
    "channel": "Radio",
    "startDate": "2025-09-01",
    "endDate": "2025-10-04",
    "spend": 50078.73,
    "impressions": 204170,
    "clicks": 9800,
    "conversions": 264,
    "revenue": 47720.64
  },
  {
    "id": "MKT0056",
    "campaignName": "Fantastic Keyboard Launch",
    "channel": "Social Media",
    "startDate": "2025-09-01",
    "endDate": "2025-10-28",
    "spend": 68522.42,
    "impressions": 745210,
    "clicks": 28317,
    "conversions": 2605,
    "revenue": 455588.45
  },
  {
    "id": "MKT0057",
    "campaignName": "Tasty Soap Promo",
    "channel": "Social Media",
    "startDate": "2025-09-18",
    "endDate": "2025-10-14",
    "spend": 23790.61,
    "impressions": 112752,
    "clicks": 3382,
    "conversions": 169,
    "revenue": 11595.09
  },
  {
    "id": "MKT0058",
    "campaignName": "Modern Bacon Launch",
    "channel": "Search",
    "startDate": "2025-09-05",
    "endDate": "2025-10-22",
    "spend": 82367.69,
    "impressions": 467030,
    "clicks": 21950,
    "conversions": 636,
    "revenue": 124477.92
  },
  {
    "id": "MKT0059",
    "campaignName": "Ergonomic Sausages Event",
    "channel": "Display Ads",
    "startDate": "2025-09-15",
    "endDate": "2025-10-16",
    "spend": 48514.47,
    "impressions": 602383,
    "clicks": 14457,
    "conversions": 505,
    "revenue": 29593
  },
  {
    "id": "MKT0060",
    "campaignName": "Tasty Table Promo",
    "channel": "Print",
    "startDate": "2025-10-01",
    "endDate": "2025-10-04",
    "spend": 53282.82,
    "impressions": 137059,
    "clicks": 4660,
    "conversions": 293,
    "revenue": 34489.03
  },
  {
    "id": "MKT0061",
    "campaignName": "Generic Bacon Launch",
    "channel": "Radio",
    "startDate": "2025-08-21",
    "endDate": "2025-10-06",
    "spend": 27440.38,
    "impressions": 220466,
    "clicks": 9920,
    "conversions": 426,
    "revenue": 51665.28
  },
  {
    "id": "MKT0062",
    "campaignName": "Rustic Cheese Launch",
    "channel": "Email",
    "startDate": "2025-08-23",
    "endDate": "2025-10-03",
    "spend": 74125.1,
    "impressions": 268433,
    "clicks": 10468,
    "conversions": 230,
    "revenue": 41869.2
  },
  {
    "id": "MKT0063",
    "campaignName": "Licensed Sausages Sale",
    "channel": "TV",
    "startDate": "2025-08-20",
    "endDate": "2025-10-06",
    "spend": 77805.79,
    "impressions": 342177,
    "clicks": 6843,
    "conversions": 636,
    "revenue": 46396.2
  },
  {
    "id": "MKT0064",
    "campaignName": "Ergonomic Car Launch",
    "channel": "Display Ads",
    "startDate": "2025-09-15",
    "endDate": "2025-10-16",
    "spend": 52510.84,
    "impressions": 102965,
    "clicks": 5148,
    "conversions": 272,
    "revenue": 32302.72
  },
  {
    "id": "MKT0065",
    "campaignName": "Sleek Chips Promo",
    "channel": "Social Media",
    "startDate": "2025-08-14",
    "endDate": "2025-10-10",
    "spend": 47889.07,
    "impressions": 595999,
    "clicks": 28011,
    "conversions": 896,
    "revenue": 144273.92
  },
  {
    "id": "MKT0066",
    "campaignName": "Oriental Tuna Sale",
    "channel": "Radio",
    "startDate": "2025-08-27",
    "endDate": "2025-10-08",
    "spend": 33728.27,
    "impressions": 633915,
    "clicks": 17749,
    "conversions": 390,
    "revenue": 42233.1
  },
  {
    "id": "MKT0067",
    "campaignName": "Elegant Shoes Sale",
    "channel": "Display Ads",
    "startDate": "2025-09-30",
    "endDate": "2025-10-16",
    "spend": 8593.27,
    "impressions": 470398,
    "clicks": 16463,
    "conversions": 1168,
    "revenue": 149644.16
  },
  {
    "id": "MKT0068",
    "campaignName": "Unbranded Sausages Event",
    "channel": "Display Ads",
    "startDate": "2025-10-02",
    "endDate": "2025-10-26",
    "spend": 47150.51,
    "impressions": 482125,
    "clicks": 13499,
    "conversions": 593,
    "revenue": 95259.52
  },
  {
    "id": "MKT0069",
    "campaignName": "Unbranded Chair Event",
    "channel": "Display Ads",
    "startDate": "2025-10-24",
    "endDate": "2025-10-24",
    "spend": 78975.72,
    "impressions": 43079,
    "clicks": 1723,
    "conversions": 34,
    "revenue": 6165.56
  },
  {
    "id": "MKT0070",
    "campaignName": "Refined Soap Event",
    "channel": "Radio",
    "startDate": "2025-09-14",
    "endDate": "2025-10-03",
    "spend": 39029.83,
    "impressions": 396950,
    "clicks": 14687,
    "conversions": 969,
    "revenue": 74457.96
  },
  {
    "id": "MKT0071",
    "campaignName": "Fantastic Tuna Event",
    "channel": "TV",
    "startDate": "2025-10-11",
    "endDate": "2025-10-09",
    "spend": 7232.7,
    "impressions": 709357,
    "clicks": 15605,
    "conversions": 405,
    "revenue": 26725.95
  },
  {
    "id": "MKT0072",
    "campaignName": "Awesome Gloves Launch",
    "channel": "Email",
    "startDate": "2025-08-16",
    "endDate": "2025-10-02",
    "spend": 48122.98,
    "impressions": 281970,
    "clicks": 6485,
    "conversions": 609,
    "revenue": 49225.47
  },
  {
    "id": "MKT0073",
    "campaignName": "Unbranded Soap Event",
    "channel": "Search",
    "startDate": "2025-09-05",
    "endDate": "2025-10-05",
    "spend": 11578.24,
    "impressions": 182699,
    "clicks": 3288,
    "conversions": 230,
    "revenue": 31841.2
  },
  {
    "id": "MKT0074",
    "campaignName": "Fantastic Chips Event",
    "channel": "Social Media",
    "startDate": "2025-08-20",
    "endDate": "2025-10-05",
    "spend": 30735.11,
    "impressions": 352167,
    "clicks": 7043,
    "conversions": 140,
    "revenue": 22696.8
  },
  {
    "id": "MKT0075",
    "campaignName": "Bespoke Mouse Promo",
    "channel": "TV",
    "startDate": "2025-08-31",
    "endDate": "2025-10-13",
    "spend": 35233.89,
    "impressions": 131755,
    "clicks": 2503,
    "conversions": 110,
    "revenue": 18869.4
  },
  {
    "id": "MKT0076",
    "campaignName": "Handcrafted Chair Sale",
    "channel": "Radio",
    "startDate": "2025-09-23",
    "endDate": "2025-10-13",
    "spend": 44633.61,
    "impressions": 428442,
    "clicks": 7711,
    "conversions": 416,
    "revenue": 53930.24
  },
  {
    "id": "MKT0077",
    "campaignName": "Handmade Table Promo",
    "channel": "Social Media",
    "startDate": "2025-09-25",
    "endDate": "2025-10-14",
    "spend": 96996.23,
    "impressions": 947234,
    "clicks": 38836,
    "conversions": 1087,
    "revenue": 57774.05
  },
  {
    "id": "MKT0078",
    "campaignName": "Bespoke Chair Promo",
    "channel": "Radio",
    "startDate": "2025-09-07",
    "endDate": "2025-10-02",
    "spend": 38106.24,
    "impressions": 112547,
    "clicks": 2701,
    "conversions": 137,
    "revenue": 15702.94
  },
  {
    "id": "MKT0079",
    "campaignName": "Ergonomic Shoes Event",
    "channel": "Radio",
    "startDate": "2025-09-04",
    "endDate": "2025-10-19",
    "spend": 98579.58,
    "impressions": 49161,
    "clicks": 983,
    "conversions": 80,
    "revenue": 10774.4
  },
  {
    "id": "MKT0080",
    "campaignName": "Tasty Tuna Sale",
    "channel": "Search",
    "startDate": "2025-07-31",
    "endDate": "2025-10-06",
    "spend": 34103.51,
    "impressions": 641634,
    "clicks": 22457,
    "conversions": 1706,
    "revenue": 214956
  },
  {
    "id": "MKT0081",
    "campaignName": "Bespoke Tuna Launch",
    "channel": "Social Media",
    "startDate": "2025-10-13",
    "endDate": "2025-09-30",
    "spend": 73514.92,
    "impressions": 54816,
    "clicks": 1534,
    "conversions": 72,
    "revenue": 6446.16
  },
  {
    "id": "MKT0082",
    "campaignName": "Fantastic Gloves Sale",
    "channel": "Search",
    "startDate": "2025-08-17",
    "endDate": "2025-10-15",
    "spend": 12080.31,
    "impressions": 192581,
    "clicks": 1925,
    "conversions": 157,
    "revenue": 17576.15
  },
  {
    "id": "MKT0083",
    "campaignName": "Awesome Table Launch",
    "channel": "Social Media",
    "startDate": "2025-09-24",
    "endDate": "2025-10-15",
    "spend": 89344.54,
    "impressions": 400127,
    "clicks": 4001,
    "conversions": 352,
    "revenue": 69037.76
  },
  {
    "id": "MKT0084",
    "campaignName": "Bespoke Car Promo",
    "channel": "Social Media",
    "startDate": "2025-10-08",
    "endDate": "2025-10-26",
    "spend": 78800.21,
    "impressions": 127382,
    "clicks": 2038,
    "conversions": 81,
    "revenue": 8934.3
  },
  {
    "id": "MKT0085",
    "campaignName": "Elegant Car Sale",
    "channel": "Email",
    "startDate": "2025-08-26",
    "endDate": "2025-10-09",
    "spend": 23665.83,
    "impressions": 447022,
    "clicks": 16092,
    "conversions": 1222,
    "revenue": 227854.12
  },
  {
    "id": "MKT0086",
    "campaignName": "Ergonomic Gloves Sale",
    "channel": "TV",
    "startDate": "2025-09-27",
    "endDate": "2025-10-03",
    "spend": 24706.14,
    "impressions": 987475,
    "clicks": 38511,
    "conversions": 2888,
    "revenue": 147576.8
  },
  {
    "id": "MKT0087",
    "campaignName": "Handmade Pants Launch",
    "channel": "Display Ads",
    "startDate": "2025-08-16",
    "endDate": "2025-10-14",
    "spend": 19953.26,
    "impressions": 756587,
    "clicks": 12861,
    "conversions": 720,
    "revenue": 65556
  },
  {
    "id": "MKT0088",
    "campaignName": "Small Pants Promo",
    "channel": "Email",
    "startDate": "2025-08-22",
    "endDate": "2025-10-10",
    "spend": 78346.23,
    "impressions": 928954,
    "clicks": 46447,
    "conversions": 4644,
    "revenue": 305296.56
  },
  {
    "id": "MKT0089",
    "campaignName": "Modern Bike Launch",
    "channel": "Radio",
    "startDate": "2025-08-30",
    "endDate": "2025-10-11",
    "spend": 11963.01,
    "impressions": 667388,
    "clicks": 32034,
    "conversions": 1153,
    "revenue": 219830.98
  },
  {
    "id": "MKT0090",
    "campaignName": "Incredible Chips Event",
    "channel": "Display Ads",
    "startDate": "2025-08-09",
    "endDate": "2025-10-19",
    "spend": 14751.46,
    "impressions": 43561,
    "clicks": 2047,
    "conversions": 90,
    "revenue": 4959.9
  },
  {
    "id": "MKT0091",
    "campaignName": "Rustic Cheese Promo",
    "channel": "Radio",
    "startDate": "2025-08-03",
    "endDate": "2025-10-27",
    "spend": 8274.36,
    "impressions": 451566,
    "clicks": 18062,
    "conversions": 1372,
    "revenue": 93254.84
  },
  {
    "id": "MKT0092",
    "campaignName": "Unbranded Mouse Promo",
    "channel": "Search",
    "startDate": "2025-10-06",
    "endDate": "2025-10-18",
    "spend": 88300.01,
    "impressions": 332998,
    "clicks": 5993,
    "conversions": 299,
    "revenue": 40649.05
  },
  {
    "id": "MKT0093",
    "campaignName": "Incredible Shoes Promo",
    "channel": "Radio",
    "startDate": "2025-08-06",
    "endDate": "2025-10-11",
    "spend": 63871.27,
    "impressions": 368800,
    "clicks": 5900,
    "conversions": 418,
    "revenue": 60091.68
  },
  {
    "id": "MKT0094",
    "campaignName": "Modern Tuna Launch",
    "channel": "Radio",
    "startDate": "2025-09-11",
    "endDate": "2025-10-03",
    "spend": 76759.66,
    "impressions": 184816,
    "clicks": 4620,
    "conversions": 438,
    "revenue": 37028.52
  },
  {
    "id": "MKT0095",
    "campaignName": "Handmade Car Sale",
    "channel": "Social Media",
    "startDate": "2025-08-13",
    "endDate": "2025-10-03",
    "spend": 87200.79,
    "impressions": 568639,
    "clicks": 13078,
    "conversions": 797,
    "revenue": 116226.51
  },
  {
    "id": "MKT0096",
    "campaignName": "Handcrafted Gloves Event",
    "channel": "Social Media",
    "startDate": "2025-10-16",
    "endDate": "2025-10-07",
    "spend": 12022.73,
    "impressions": 820194,
    "clicks": 27886,
    "conversions": 1366,
    "revenue": 189122.7
  },
  {
    "id": "MKT0097",
    "campaignName": "Bespoke Towels Event",
    "channel": "Print",
    "startDate": "2025-10-23",
    "endDate": "2025-10-07",
    "spend": 98550,
    "impressions": 33932,
    "clicks": 1560,
    "conversions": 53,
    "revenue": 8142.92
  },
  {
    "id": "MKT0098",
    "campaignName": "Gorgeous Sausages Sale",
    "channel": "Email",
    "startDate": "2025-08-06",
    "endDate": "2025-09-30",
    "spend": 59984.76,
    "impressions": 588869,
    "clicks": 13543,
    "conversions": 1245,
    "revenue": 187260.45
  },
  {
    "id": "MKT0099",
    "campaignName": "Oriental Shirt Event",
    "channel": "Print",
    "startDate": "2025-08-17",
    "endDate": "2025-10-20",
    "spend": 11374.16,
    "impressions": 871920,
    "clicks": 9591,
    "conversions": 661,
    "revenue": 111570.19
  },
  {
    "id": "MKT0100",
    "campaignName": "Bespoke Pizza Launch",
    "channel": "Email",
    "startDate": "2025-08-09",
    "endDate": "2025-10-12",
    "spend": 36037.23,
    "impressions": 294359,
    "clicks": 12657,
    "conversions": 1227,
    "revenue": 119055.81
  },
  {
    "id": "MKT0101",
    "campaignName": "Oriental Shirt Event",
    "channel": "Email",
    "startDate": "2025-10-12",
    "endDate": "2025-10-25",
    "spend": 41177.87,
    "impressions": 695995,
    "clicks": 13919,
    "conversions": 751,
    "revenue": 101880.66
  },
  {
    "id": "MKT0102",
    "campaignName": "Sleek Pants Promo",
    "channel": "Radio",
    "startDate": "2025-10-15",
    "endDate": "2025-10-04",
    "spend": 8177.05,
    "impressions": 728204,
    "clicks": 25487,
    "conversions": 560,
    "revenue": 78584.8
  },
  {
    "id": "MKT0103",
    "campaignName": "Generic Table Promo",
    "channel": "TV",
    "startDate": "2025-08-02",
    "endDate": "2025-10-26",
    "spend": 89613.35,
    "impressions": 338666,
    "clicks": 13546,
    "conversions": 1015,
    "revenue": 168459.55
  },
  {
    "id": "MKT0104",
    "campaignName": "Modern Chair Sale",
    "channel": "Social Media",
    "startDate": "2025-09-08",
    "endDate": "2025-10-22",
    "spend": 37908.21,
    "impressions": 147883,
    "clicks": 5175,
    "conversions": 238,
    "revenue": 25470.76
  },
  {
    "id": "MKT0105",
    "campaignName": "Awesome Pizza Event",
    "channel": "Radio",
    "startDate": "2025-10-15",
    "endDate": "2025-10-12",
    "spend": 27781.24,
    "impressions": 814047,
    "clicks": 33375,
    "conversions": 1835,
    "revenue": 91878.45
  },
  {
    "id": "MKT0106",
    "campaignName": "Rustic Tuna Sale",
    "channel": "Print",
    "startDate": "2025-09-09",
    "endDate": "2025-10-18",
    "spend": 86872.84,
    "impressions": 740159,
    "clicks": 18503,
    "conversions": 906,
    "revenue": 91161.72
  },
  {
    "id": "MKT0107",
    "campaignName": "Awesome Fish Launch",
    "channel": "Print",
    "startDate": "2025-09-09",
    "endDate": "2025-10-09",
    "spend": 32734.53,
    "impressions": 763794,
    "clicks": 13748,
    "conversions": 288,
    "revenue": 51857.28
  },
  {
    "id": "MKT0108",
    "campaignName": "Handmade Table Sale",
    "channel": "Radio",
    "startDate": "2025-10-20",
    "endDate": "2025-10-03",
    "spend": 94093.15,
    "impressions": 896413,
    "clicks": 43027,
    "conversions": 1247,
    "revenue": 126333.57
  },
  {
    "id": "MKT0109",
    "campaignName": "Licensed Mouse Promo",
    "channel": "Search",
    "startDate": "2025-09-22",
    "endDate": "2025-10-23",
    "spend": 86494.37,
    "impressions": 423789,
    "clicks": 10170,
    "conversions": 488,
    "revenue": 47560.48
  },
  {
    "id": "MKT0110",
    "campaignName": "Generic Soap Promo",
    "channel": "Search",
    "startDate": "2025-08-26",
    "endDate": "2025-10-06",
    "spend": 17875.39,
    "impressions": 542469,
    "clicks": 17359,
    "conversions": 1267,
    "revenue": 125394.99
  },
  {
    "id": "MKT0111",
    "campaignName": "Handcrafted Chips Promo",
    "channel": "Search",
    "startDate": "2025-09-08",
    "endDate": "2025-10-19",
    "spend": 30277.98,
    "impressions": 284995,
    "clicks": 12254,
    "conversions": 404,
    "revenue": 20204.04
  },
  {
    "id": "MKT0112",
    "campaignName": "Fantastic Table Sale",
    "channel": "Search",
    "startDate": "2025-09-27",
    "endDate": "2025-10-06",
    "spend": 94401.53,
    "impressions": 628238,
    "clicks": 18218,
    "conversions": 1657,
    "revenue": 120729.02
  },
  {
    "id": "MKT0113",
    "campaignName": "Ergonomic Shirt Launch",
    "channel": "Social Media",
    "startDate": "2025-08-23",
    "endDate": "2025-09-29",
    "spend": 5483.23,
    "impressions": 203236,
    "clicks": 3455,
    "conversions": 165,
    "revenue": 9537
  },
  {
    "id": "MKT0114",
    "campaignName": "Oriental Ball Promo",
    "channel": "TV",
    "startDate": "2025-08-31",
    "endDate": "2025-09-30",
    "spend": 48433.18,
    "impressions": 784097,
    "clicks": 25091,
    "conversions": 1329,
    "revenue": 215922.63
  },
  {
    "id": "MKT0115",
    "campaignName": "Incredible Car Launch",
    "channel": "Search",
    "startDate": "2025-10-22",
    "endDate": "2025-10-23",
    "spend": 83044.03,
    "impressions": 661388,
    "clicks": 25132,
    "conversions": 653,
    "revenue": 40923.51
  },
  {
    "id": "MKT0116",
    "campaignName": "Handmade Shoes Sale",
    "channel": "TV",
    "startDate": "2025-09-04",
    "endDate": "2025-10-23",
    "spend": 69274.13,
    "impressions": 984253,
    "clicks": 35433,
    "conversions": 744,
    "revenue": 134998.8
  },
  {
    "id": "MKT0117",
    "campaignName": "Ergonomic Chair Promo",
    "channel": "Search",
    "startDate": "2025-09-17",
    "endDate": "2025-09-30",
    "spend": 44904.15,
    "impressions": 12840,
    "clicks": 449,
    "conversions": 14,
    "revenue": 2300.2
  },
  {
    "id": "MKT0118",
    "campaignName": "Oriental Bacon Launch",
    "channel": "TV",
    "startDate": "2025-09-24",
    "endDate": "2025-10-28",
    "spend": 66224.91,
    "impressions": 225605,
    "clicks": 3384,
    "conversions": 87,
    "revenue": 7151.4
  },
  {
    "id": "MKT0119",
    "campaignName": "Intelligent Bacon Promo",
    "channel": "Social Media",
    "startDate": "2025-09-09",
    "endDate": "2025-10-22",
    "spend": 83873.49,
    "impressions": 849921,
    "clicks": 27197,
    "conversions": 1930,
    "revenue": 234109
  },
  {
    "id": "MKT0120",
    "campaignName": "Tasty Towels Promo",
    "channel": "TV",
    "startDate": "2025-08-04",
    "endDate": "2025-10-12",
    "spend": 58276.11,
    "impressions": 449694,
    "clicks": 19336,
    "conversions": 502,
    "revenue": 52102.58
  },
  {
    "id": "MKT0121",
    "campaignName": "Fantastic Bacon Event",
    "channel": "Radio",
    "startDate": "2025-09-17",
    "endDate": "2025-09-30",
    "spend": 50072.9,
    "impressions": 82176,
    "clicks": 3862,
    "conversions": 204,
    "revenue": 23664
  },
  {
    "id": "MKT0122",
    "campaignName": "Bespoke Soap Sale",
    "channel": "Display Ads",
    "startDate": "2025-09-29",
    "endDate": "2025-10-01",
    "spend": 46346.65,
    "impressions": 641077,
    "clicks": 18591,
    "conversions": 706,
    "revenue": 132657.4
  },
  {
    "id": "MKT0123",
    "campaignName": "Practical Chicken Event",
    "channel": "Print",
    "startDate": "2025-09-10",
    "endDate": "2025-10-06",
    "spend": 79972.86,
    "impressions": 930545,
    "clicks": 9305,
    "conversions": 381,
    "revenue": 54532.53
  },
  {
    "id": "MKT0124",
    "campaignName": "Generic Tuna Launch",
    "channel": "Social Media",
    "startDate": "2025-10-22",
    "endDate": "2025-10-26",
    "spend": 46015.78,
    "impressions": 408794,
    "clicks": 7358,
    "conversions": 603,
    "revenue": 64918.98
  },
  {
    "id": "MKT0125",
    "campaignName": "Intelligent Chicken Event",
    "channel": "Print",
    "startDate": "2025-10-12",
    "endDate": "2025-10-13",
    "spend": 56269.83,
    "impressions": 15322,
    "clicks": 689,
    "conversions": 25,
    "revenue": 2888.25
  },
  {
    "id": "MKT0126",
    "campaignName": "Licensed Table Sale",
    "channel": "Display Ads",
    "startDate": "2025-07-31",
    "endDate": "2025-10-03",
    "spend": 67812.2,
    "impressions": 97243,
    "clicks": 1361,
    "conversions": 32,
    "revenue": 4448.96
  },
  {
    "id": "MKT0127",
    "campaignName": "Licensed Gloves Launch",
    "channel": "Search",
    "startDate": "2025-08-01",
    "endDate": "2025-09-30",
    "spend": 17113.34,
    "impressions": 176042,
    "clicks": 7217,
    "conversions": 490,
    "revenue": 88278.4
  },
  {
    "id": "MKT0128",
    "campaignName": "Incredible Chair Sale",
    "channel": "Search",
    "startDate": "2025-10-19",
    "endDate": "2025-10-06",
    "spend": 5200.05,
    "impressions": 955604,
    "clicks": 43957,
    "conversions": 4175,
    "revenue": 592933.5
  },
  {
    "id": "MKT0129",
    "campaignName": "Rustic Car Event",
    "channel": "Print",
    "startDate": "2025-09-08",
    "endDate": "2025-10-06",
    "spend": 18478.28,
    "impressions": 190721,
    "clicks": 7056,
    "conversions": 522,
    "revenue": 88933.14
  },
  {
    "id": "MKT0130",
    "campaignName": "Incredible Chair Sale",
    "channel": "Display Ads",
    "startDate": "2025-09-29",
    "endDate": "2025-10-12",
    "spend": 8219.23,
    "impressions": 534983,
    "clicks": 6954,
    "conversions": 695,
    "revenue": 124808.1
  },
  {
    "id": "MKT0131",
    "campaignName": "Oriental Salad Promo",
    "channel": "Print",
    "startDate": "2025-10-25",
    "endDate": "2025-10-04",
    "spend": 55019.47,
    "impressions": 221305,
    "clicks": 5532,
    "conversions": 210,
    "revenue": 36630.3
  },
  {
    "id": "MKT0132",
    "campaignName": "Intelligent Towels Promo",
    "channel": "Display Ads",
    "startDate": "2025-07-31",
    "endDate": "2025-10-01",
    "spend": 73506.57,
    "impressions": 612031,
    "clicks": 29989,
    "conversions": 2069,
    "revenue": 361640.51
  },
  {
    "id": "MKT0133",
    "campaignName": "Refined Chicken Launch",
    "channel": "Display Ads",
    "startDate": "2025-08-02",
    "endDate": "2025-10-08",
    "spend": 29823.34,
    "impressions": 768563,
    "clicks": 22288,
    "conversions": 1471,
    "revenue": 158573.8
  },
  {
    "id": "MKT0134",
    "campaignName": "Fantastic Pants Promo",
    "channel": "TV",
    "startDate": "2025-10-02",
    "endDate": "2025-10-24",
    "spend": 86537.6,
    "impressions": 961194,
    "clicks": 30758,
    "conversions": 1230,
    "revenue": 231768.9
  },
  {
    "id": "MKT0135",
    "campaignName": "Unbranded Hat Sale",
    "channel": "Radio",
    "startDate": "2025-08-28",
    "endDate": "2025-10-24",
    "spend": 30677.06,
    "impressions": 896412,
    "clicks": 31374,
    "conversions": 1254,
    "revenue": 165803.88
  },
  {
    "id": "MKT0136",
    "campaignName": "Fantastic Salad Sale",
    "channel": "Radio",
    "startDate": "2025-08-28",
    "endDate": "2025-10-06",
    "spend": 19255.33,
    "impressions": 178028,
    "clicks": 7299,
    "conversions": 445,
    "revenue": 55086.55
  },
  {
    "id": "MKT0137",
    "campaignName": "Luxurious Fish Sale",
    "channel": "Display Ads",
    "startDate": "2025-08-12",
    "endDate": "2025-10-23",
    "spend": 52127.13,
    "impressions": 129274,
    "clicks": 2326,
    "conversions": 62,
    "revenue": 5558.92
  },
  {
    "id": "MKT0138",
    "campaignName": "Rustic Pizza Launch",
    "channel": "Social Media",
    "startDate": "2025-09-20",
    "endDate": "2025-10-15",
    "spend": 18541.12,
    "impressions": 965946,
    "clicks": 21250,
    "conversions": 573,
    "revenue": 108480.36
  },
  {
    "id": "MKT0139",
    "campaignName": "Electronic Chicken Launch",
    "channel": "Radio",
    "startDate": "2025-10-19",
    "endDate": "2025-10-12",
    "spend": 76528.48,
    "impressions": 910770,
    "clicks": 29144,
    "conversions": 612,
    "revenue": 34290.36
  },
  {
    "id": "MKT0140",
    "campaignName": "Refined Sausages Launch",
    "channel": "Search",
    "startDate": "2025-10-25",
    "endDate": "2025-10-13",
    "spend": 47639.63,
    "impressions": 314484,
    "clicks": 9434,
    "conversions": 198,
    "revenue": 35449.92
  },
  {
    "id": "MKT0141",
    "campaignName": "Unbranded Chicken Sale",
    "channel": "Print",
    "startDate": "2025-10-29",
    "endDate": "2025-10-24",
    "spend": 84856.23,
    "impressions": 729528,
    "clicks": 8754,
    "conversions": 306,
    "revenue": 47956.32
  },
  {
    "id": "MKT0142",
    "campaignName": "Small Bike Launch",
    "channel": "Display Ads",
    "startDate": "2025-10-06",
    "endDate": "2025-10-04",
    "spend": 64438.31,
    "impressions": 571599,
    "clicks": 13718,
    "conversions": 877,
    "revenue": 96224.44
  },
  {
    "id": "MKT0143",
    "campaignName": "Ergonomic Keyboard Launch",
    "channel": "Email",
    "startDate": "2025-08-24",
    "endDate": "2025-10-11",
    "spend": 36586.7,
    "impressions": 702257,
    "clicks": 13342,
    "conversions": 360,
    "revenue": 21016.8
  },
  {
    "id": "MKT0144",
    "campaignName": "Gorgeous Soap Launch",
    "channel": "Radio",
    "startDate": "2025-10-15",
    "endDate": "2025-10-01",
    "spend": 68126.46,
    "impressions": 143606,
    "clicks": 6462,
    "conversions": 607,
    "revenue": 42483.93
  },
  {
    "id": "MKT0145",
    "campaignName": "Fantastic Shirt Launch",
    "channel": "Search",
    "startDate": "2025-09-22",
    "endDate": "2025-10-18",
    "spend": 80537.61,
    "impressions": 109874,
    "clicks": 1318,
    "conversions": 51,
    "revenue": 8192.64
  },
  {
    "id": "MKT0146",
    "campaignName": "Small Chicken Event",
    "channel": "Social Media",
    "startDate": "2025-10-09",
    "endDate": "2025-10-02",
    "spend": 86806.15,
    "impressions": 408027,
    "clicks": 19585,
    "conversions": 391,
    "revenue": 23659.41
  },
  {
    "id": "MKT0147",
    "campaignName": "Modern Soap Promo",
    "channel": "TV",
    "startDate": "2025-09-06",
    "endDate": "2025-10-11",
    "spend": 62693.25,
    "impressions": 150677,
    "clicks": 5424,
    "conversions": 542,
    "revenue": 83847.4
  },
  {
    "id": "MKT0148",
    "campaignName": "Fantastic Fish Promo",
    "channel": "Print",
    "startDate": "2025-10-22",
    "endDate": "2025-10-16",
    "spend": 42463.86,
    "impressions": 928897,
    "clicks": 17649,
    "conversions": 1288,
    "revenue": 185948.56
  },
  {
    "id": "MKT0149",
    "campaignName": "Licensed Pizza Sale",
    "channel": "Social Media",
    "startDate": "2025-09-27",
    "endDate": "2025-10-22",
    "spend": 99219.61,
    "impressions": 708715,
    "clicks": 32600,
    "conversions": 2836,
    "revenue": 160120.56
  },
  {
    "id": "MKT0150",
    "campaignName": "Sleek Bacon Event",
    "channel": "Radio",
    "startDate": "2025-09-15",
    "endDate": "2025-10-18",
    "spend": 6274.74,
    "impressions": 683978,
    "clicks": 21887,
    "conversions": 1729,
    "revenue": 310822.33
  }
]